%!TEX root = main.tex
@book{Nakamoto,
 title={Bitcoin: A Peer-to-Peer Electronic Cash System},
 url={https://bitcoin.org/bitcoin.pdf},
 author={Nakamoto, Satoshi}}
@misc{GenesisBlock,
title = {Genesis Block},
url = {https://blockexplorer.com/block/000000000019d6689c085ae165831e934ff763ae46a2a6c172b3f1b60a8ce26f}}
@misc{Buntix,
title={Bitcoin Network’s Electricity Consumption Is Lower Compared to Printing Money},
url={https://themerkle.com/bitcoin-networks-electricity-consumption-is-lower-compared-to-printing-money/},
journal={The Merkle},
author={Buntix, JP}}
@article{Ou_2017,
title={No, Bitcoin Won’t Boil the Oceans},
url={https://www.bloomberg.com/view/articles/2017-12-07/bitcoin-is-greener-than-its-critics-think},
abstractNote={Concerns about the cryptocurrency’s energy use are overblown.},
journal={Bloomberg.com},
author={Ou, Elaine},
year={2017},
month={Dec}}
@misc{steembusiness_2017,
title={Bitcoin Mining - A Critical View On Its Environmental Impact!},
url={https://steemit.com/bitcoin/@steembusiness/bitcoin-mining-a-critical-view-on-its-environmental-impact},
journal={Steemit},
author={steembusiness},
year={2017},
month={Dec}}
@misc{Kobie,
title={How much energy does bitcoin mining really use? It’s complicated},
url={http://www.wired.co.uk/article/how-much-energy-does-bitcoin-mining-really-use},
abstractNote={Bitcoin hype has reached an all-time high. But if running the bitcoin network uses up as much yearly electricity as a medium-sized country, is it worth it?},
journal={WIRED UK},
author={Kobie, Nicole}}
@misc{Ray_2017,
title={Merkle Trees},
url={https://hackernoon.com/merkle-trees-181cb4bc30b4},
abstractNote={Merkle trees are a fundamental part of blockchain technology. A merkle tree is a structure that allows for efficient and secure…},
journal={Hacker Noon},
author={Ray, Shaan},
year={2017},
month={Dec}}
@misc{Merkle,
title = {Merkle Tree - Bitcoin Glossary},
url={https://bitcoin.org/en/glossary/merkle-tree}}
@misc{Investopedia_2017,
title={SegWit (Segregated Witness)},
url={https://www.investopedia.com/terms/s/segwit-segregated-witness.asp},
abstractNote={SegWit is the process by which blocks on a blockchain are made smaller by removing signature data from Bitcoin transactions.},
journal={Investopedia},
author={Investopedia},
year={2017},
month={May}}
@misc{Lee_2017,
title={My Vision For SegWit And Lightning Networks On Litecoin And Bitcoin},
url={https://segwit.org/my-vision-for-segwit-and-lightning-networks-on-litecoin-and-bitcoin-cf95a7ab656b},
journal={SegWit Resources},
author={Lee, Charlie},
year={2017},
month={Jan}}
@misc{Waee_Digital_Ltd,
title={Segwit Bitcoin and Lightning Network Explained},
url={https://www.anythingcrypto.com/guides/segwit-bitcoin-lightning-network-explained},
journal={Anything Crypto},
author={Waee Digital Ltd}}
@misc{Wirdum,
title={Understanding the Lightning Network, Part 1: Building a Bidirectional Bitcoin Payment Channel},
url={https://bitcoinmagazine.com/articles/understanding-the-lightning-network-part-building-a-bidirectional-payment-channel-1464710791/},
journal={Bitcoin Magazine},
author={Wirdum, Aaron van}}
@misc{Investopedia_2017b,
title={Proof of Stake (PoS)},
url={https://www.investopedia.com/terms/p/proof-stake-pos.asp},
abstractNote={Proof of Stake (PoS) concept states that a person can mine or validate block transactions according to how many coins he or she holds.},
journal={Investopedia},
author={Investopedia},
year={2017},
month={May}}
@misc{Rosic_2017,
title={Proof of Work vs Proof of Stake: Basic Mining Guide},
url={https://blockgeeks.com/guides/proof-of-work-vs-proof-of-stake/},
abstractNote={In this article, I will explain to you the main differences between Proof of Work vs Proof of Stake and I will provide you a definition of mining.},
journal={Blockgeeks},
author={Rosic, Ameer},
year={2017},
month={Mar}}
@book{Baird_2016,
title={THE SWIRLDS HASHGRAPH CONSENSUS ALGORITHM: FAIR, FAST, BYZANTINE FAULT TOLERANCE},
url={http://www.swirlds.com/downloads/SWIRLDS-TR-2016-01.pdf},
author={Baird, Leemon},
year={2016},
month={May}}
@misc{Ryszkiewicz,
title={IOTA vs NANO (RaiBlocks)},
url={https://hackernoon.com/iota-vs-raiblocks-413679bb4c3e},
author={Ryszkiewicz, Peter}}
@misc{jimmco_2017,
title={ByteBall vs IOTA - battle of two DAG cryptocurrencies},
url={https://steemit.com/cryptocurrency/@jimmco/byteball-vs-iota-battle-of-two-dag-cryptocurrencies},
journal={Steemit},
author={jimmco},
year={2017},
month={Jun}}
@book{Popov_2017,
title={The Tangle},
url={https://iota.org/IOTA_Whitepaper.pdf},
author={Popov, Serguei},
year={2017},
month={Oct}}
@misc{Samman,
title={A New Approach to Consensus: Swirlds HashGraph},
url={http://sammantics.com/blog/2016/7/27/hashgraph-consensus},
journal={SAMMANTICS},
author={Samman, George}}
@book{frozeman_vbuterin_chriseth_debris_2018,
title={The Ethereum Wiki},
url={https://github.com/ethereum/wiki},
publisher={ethereum},
author={frozeman and vbuterin and chriseth and debris},
year={2018},
month={Mar}}
@misc{K_2017,
title={This is How Smart Contracts and Ethereum Work. Brief Introduction},
url={https://medium.com/startup-grind/gentle-intro-to-blockchain-and-smart-contracts-part-2-30a6c9a40946},
journal={Medium},
author={K, Lukas},
year={2017},
month={Jul}}
 @misc{Kikvadze_2018,
 title={Seven Myths of Bitcoin},
 url={https://medium.com/@BitfuryGeorge/seven-myths-of-bitcoin-2e3a66d37e64},
 journal={George Kikvadze},
 author={Kikvadze, George},
 year={2018},
 month={Mar}}
 @misc{Top_10_Myths_About_Bitcoin_2016,
 url={https://www.nasdaq.com/article/top-10-myths-about-bitcoin-cm620562},
 abstractNote={Although Bitcoin has been around for more than seven years now, there are still plenty of myths about this technology percolating among the general public and the mainstream press.},
 journal={NASDAQ.com},
 year={2016},
 month={May}}
